02RETORNO01COBRANCA       00000000000004812687AUTO POSTO OLIVEIRA LTDA      237BRADESCO       3108150160000000003                                                                                                                                                                                                                                                                          020915         000001
1025852884500013400000090390000000124                         000000003900000000570000000000000000000000000917310815          00000000390000000057000000000000000090003302171  000000000000000000000000000000000000000000000000000000000000000000000000000000000000000090000000000000000000000000000   020915                 0000000000                                                                  000002
1025852884500013400000090390000000124                         000000003900000000730000000000000000000000000917310815          00000000390000000073000000000000000010003302171  000000000000000000000000000000000000000000000000000000000000000000000000000000000000000010000000000000000000000000000   020915                 0000000000                                                                  000003
9201237          000000000000000000000000000003          00000000000000000000000000000000000000000000000000000000000000000000000000000000000000000000000000000000000000000000000000000000000                                                                                                                                                                              00000000000000000000000         000004
